<?xml version="1.0" encoding="UTF-8"?><collection xmlns="http://www.loc.gov/MARC21/slim"><record><leader>00352nam--2200121-i-4500</leader><controlfield tag="001">000001953</controlfield><controlfield tag="002">20161230</controlfield><controlfield tag="005">20161230201024</controlfield><controlfield tag="008">060222s1000------------r-----000-0-eng-d</controlfield><datafield ind1=" " ind2=" " tag="100"><subfield code="a">Erichsen, L., Von</subfield></datafield><datafield ind1=" " ind2=" " tag="245"><subfield code="a">Friedliche nutzung der kernenergie.ihre vorteile und gefahren</subfield></datafield><datafield ind1=" " ind2=" " tag="260"><subfield code="a">Berlin, Springer-verlag, 1962. Viii + 235 P., 46 Fig</subfield></datafield><datafield ind1=" " ind2=" " tag="852"><subfield code="a">17845</subfield></datafield></record></collection>